<record><leader>00000cas a22000007a 4500</leader><controlfield tag="001">13776406</controlfield><controlfield tag="008">860625d18851907nvuwr ne      0    0eng d</controlfield><datafield ind1=" " ind2=" " tag="010"><subfield code="a">sn 86076270 </subfield></datafield><datafield ind1=" " ind2=" " tag="040"><subfield code="a">NNX</subfield><subfield code="b">eng</subfield><subfield code="c">NNX</subfield><subfield code="d">OCLCQ</subfield></datafield><datafield ind1=" " ind2=" " tag="042"><subfield code="a">msc</subfield></datafield><datafield ind1="0" ind2="4" tag="245"><subfield code="a">The Central Nevadan.</subfield></datafield><datafield ind1=" " ind2=" " tag="260"><subfield code="a">Battle Mountain, Nev. :</subfield><subfield code="b">Dennis &amp; Ellsworth,</subfield><subfield code="c">1885-1907.</subfield></datafield><datafield ind1=" " ind2=" " tag="300"><subfield code="a">18 v. :</subfield><subfield code="b">ill. (chiefly advertisments)</subfield></datafield><datafield ind1=" " ind2=" " tag="310"><subfield code="a">Weekly</subfield></datafield><datafield ind1="0" ind2=" " tag="362"><subfield code="a">Vol. 1, no. 1 (Jan. 16, 1885)-v. 18, no. 26 (Dec. 5, 1907).</subfield></datafield><datafield ind1=" " ind2=" " tag="500"><subfield code="a">Publisher: Jan. 7, 1886-July 15, 1886, J.F. Dennis; July 22, 1886-Sept. 26, 1889, Dennis &amp; Co.; Oct. 2, 1889-Jan. 2, 1890, J.P. Park; Jan. 9 1890-&lt;Aug. 28, 1890&gt;, J.A. Blossom; &lt;Sept. 11, 1890&gt;-May 2, 1901, R.C. Blossom; May 9,1901-Dec. 31, 1903, H.R. Lemaire; Jan. 7, 1904-Mar. 7, 1907, A.D. Lemaire; Mar. 14, 1907-Dec. 5, 1907, A.D. Lemaire &amp; Sons (Inc.).</subfield></datafield><datafield ind1=" " ind2=" " tag="515"><subfield code="a">Frequent misnumbering and misdating.</subfield></datafield><datafield ind1=" " ind2=" " tag="752"><subfield code="a">United States</subfield><subfield code="b">Nevada</subfield><subfield code="c">Lander</subfield><subfield code="d">Battle Mountain.</subfield></datafield></record>